<?xml version="1.0" encoding="UTF-8" ?><marc:collection xmlns:marc="http://www.loc.gov/MARC21/slim" xmlns:xsi="http://www.w3.org/2001/XMLSchema-instance" xsi:schemaLocation="http://www.loc.gov/MARC21/slim http://www.loc.gov/standards/marcxml/schema/MARC21slim.xsd">
<marc:record><marc:leader>04273nam a2200349 a 4500</marc:leader>
<marc:controlfield tag="001">6651</marc:controlfield>
<marc:controlfield tag="003">aeadna</marc:controlfield><marc:controlfield tag="005">20100628135000.0</marc:controlfield><marc:controlfield tag="006">a      000 0      </marc:controlfield><marc:controlfield tag="008">170811s1932||||ua     f     n00| 0dara|d</marc:controlfield><marc:datafield tag="035" ind1=" " ind2=" "><marc:subfield code="a">(Sirsi) 6651</marc:subfield></marc:datafield><marc:datafield tag="040" ind1=" " ind2=" "><marc:subfield code="a">nal</marc:subfield><marc:subfield code="b">ara</marc:subfield><marc:subfield code="e">AACR2</marc:subfield></marc:datafield><marc:datafield tag="041" ind1="0" ind2=" "><marc:subfield code="a">ara</marc:subfield></marc:datafield><marc:datafield tag="043" ind1=" " ind2=" "><marc:subfield code="a">a-iq---</marc:subfield></marc:datafield><marc:datafield tag="050" ind1=" " ind2="4"><marc:subfield code="a">DS79.9.B25</marc:subfield><marc:subfield code="b">.M83 1932</marc:subfield></marc:datafield><marc:datafield tag="082" ind1="1" ind2="4"><marc:subfield code="a">956.05</marc:subfield><marc:subfield code="b">21</marc:subfield></marc:datafield><marc:datafield tag="090" ind1=" " ind2=" "><marc:subfield code="a"></marc:subfield></marc:datafield><marc:datafield tag="100" ind1="1" ind2=" "><marc:subfield code="a">المدور، جميل بن نخلة،</marc:subfield><marc:subfield code="d">1862-1907.</marc:subfield></marc:datafield><marc:datafield tag="245" ind1="1" ind2="0"><marc:subfield code="a">حضارة الاسلام في دار السلام /</marc:subfield><marc:subfield code="c">تأليف جميل نخلة المدور.</marc:subfield></marc:datafield><marc:datafield tag="250" ind1=" " ind2=" "><marc:subfield code="a">طبعة منقَّحة.</marc:subfield></marc:datafield><marc:datafield tag="260" ind1=" " ind2=" "><marc:subfield code="a">القاهرة :</marc:subfield><marc:subfield code="b">وزارة المعارف العمومية ،</marc:subfield><marc:subfield code="c">1932 م.</marc:subfield></marc:datafield><marc:datafield tag="300" ind1=" " ind2=" "><marc:subfield code="a">أ-ي، 324 ص. ؛</marc:subfield><marc:subfield code="c">24 سم.</marc:subfield></marc:datafield><marc:datafield tag="500" ind1=" " ind2=" "><marc:subfield code="a">حالة الكتاب المادية جيدة. مُجلّد. طبعة أصلية.</marc:subfield></marc:datafield><marc:datafield tag="500" ind1=" " ind2=" "><marc:subfield code="a">طبع بمطبعة الاعتماد بشارع حسن الأكبر بمصر 1351هـ-1932م.</marc:subfield></marc:datafield><marc:datafield tag="504" ind1=" " ind2=" "><marc:subfield code="a">ببليوغرافيا: ص322-324</marc:subfield></marc:datafield><marc:datafield tag="520" ind1=" " ind2=" "><marc:subfield code="a">يُعد كتاب حضارة الإسلام في دار السلام عملاً عن الخيال التاريخي مكتوباً بأسلوب سرد مباشر خالٍ من الزخرفة الأسلوبية. ودار السلام المُشار إليها هي بغداد. يُغطي الكتاب تلك الفترة الانتقالية في الأدب العربي من الاستعارة الشعرية الباروكية إلى أسلوبٍ نثري مقتضب حديث. كذلك جاء التعامل مع الموضوع مبتكراً، فبدلاً من كتابة مقال عن أمجاد العصر العباسي (750-1258)، فإن العمل يُقدَّم على أنه رواية لرحالة فارسي مجهول يكتب إلى أهله عن الأوضاع في الإمبراطورية التي غلبت عليها الثقافة الفارسية. يصف الكتاب مناظر المدينة والحياة الثقافية والسياسية في البصرة وبغداد، وذلك بالاعتماد على الكثير من المصادر التاريخية والأدبية العربية. وكما يُشير العنوان، يسعى المؤلف جميل نخلة المدوّر (1862-1907) لإعادة أجواء هذا العصر الذهبي من الإنجازات الإسلامية. وقد رُبطت كل محادثة أو إشارة إلى المكان بمصدرها في القرون الوسطى حيث استُوحي ذلك المنظر. وتشمل تلك المصادر المعاصرة لأحداث الرواية كتاب الأغاني (لأبي الفرج الأصفهاني، 897 أو 898-967) والجغرافيا لياقوت الحموي (حوالي 1179-1229) وكتاب ألف ليلة وليلة (يرجع تاريخ معظمها إلى القرن الثامن وحتى القرن الرابع عشر). كانت بغداد العباسية واقعة تحت سيطرة أسرة البرامكة الإيرانية (والشيعية) التي بنت بغداد لتصبح العاصمة السياسية والثقافية الفاخرة في التاريخ والأساطير، وذلك حتى التخلص من البرامكة في أوائل القرن التاسع. وقد أدخل المُدوّر منهجاً جديداً على تاريخ بغداد في هذه الرواية الرائجة. لا يُعرف إلا القليل عن المؤلف، باستثناء أنه وُلِد في بيروت وقضى حياته الإبداعية في القاهرة. وقد طُبِع العمل في مطبعة جريدة المقتطف، التي ساعدت كذلك في تمويل النشر.</marc:subfield></marc:datafield><marc:datafield tag="541" ind1=" " ind2=" "><marc:subfield code="a">هدية سمو الشيخ فالح بن ناصر آل ثاني إلى مكتبة مركز الوثائق والدراسات أبو ظبي.</marc:subfield></marc:datafield><marc:datafield tag="650" ind1=" " ind2="4"><marc:subfield code="a">الحضارة الإسلامية</marc:subfield></marc:datafield><marc:datafield tag="651" ind1=" " ind2="4"><marc:subfield code="a">العراق</marc:subfield><marc:subfield code="x">تاريخ</marc:subfield><marc:subfield code="y">العصر العباسي</marc:subfield></marc:datafield><marc:datafield tag="651" ind1=" " ind2="4"><marc:subfield code="a">العالم العربي</marc:subfield><marc:subfield code="x">تاريخ</marc:subfield><marc:subfield code="y">العصر العباسي الرابع</marc:subfield></marc:datafield><marc:datafield tag="651" ind1=" " ind2="4"><marc:subfield code="a">بغداد (العراق)</marc:subfield><marc:subfield code="x">تاريخ</marc:subfield></marc:datafield><marc:datafield tag="949" ind1=" " ind2=" "><marc:subfield code="a">956.05 ك د ح ض</marc:subfield><marc:subfield code="w">DDC</marc:subfield><marc:subfield code="i">30018000012227</marc:subfield><marc:subfield code="u">06/23/2003</marc:subfield><marc:subfield code="d">04/26/2010</marc:subfield><marc:subfield code="n">0</marc:subfield><marc:subfield code="t">Book</marc:subfield><marc:subfield code="l">av</marc:subfield><marc:subfield code="m">MAIN</marc:subfield><marc:subfield code="x">RAR</marc:subfield></marc:datafield></marc:record>
</marc:collection>
